<?xml version="1.0" encoding="UTF-8"?><collection xmlns="http://www.loc.gov/MARC21/slim"><record><leader>00424nam--2200133-i-4500</leader><controlfield tag="001">000001265</controlfield><controlfield tag="002">20161230</controlfield><controlfield tag="005">20161230201024</controlfield><controlfield tag="008">060222s1000------------r-----000-0-eng-d</controlfield><datafield ind1=" " ind2=" " tag="100"><subfield code="a">Herforth, L.,Winter, H.M</subfield></datafield><datafield ind1=" " ind2=" " tag="245"><subfield code="a">Ultraschall.grundlangen und anwendungen in physik, technik, industrie, biologie und medizin</subfield></datafield><datafield ind1=" " ind2=" " tag="260"><subfield code="a">Leipzig, B.G.Teubner, 1958. Vii + 235 P+ 24 P</subfield></datafield><datafield ind1=" " ind2=" " tag="490"><subfield code="a">Math. Naturwiss Bibliothek</subfield></datafield><datafield ind1=" " ind2=" " tag="852"><subfield code="a">5619</subfield></datafield></record></collection>